<record><leader>00000cas a22000007a 4500</leader><controlfield tag="001">37627276</controlfield><controlfield tag="008">970916d19951997vauwr ne      0    0eng d</controlfield><datafield ind1=" " ind2=" " tag="010"><subfield code="a">sn 97066018 </subfield></datafield><datafield ind1=" " ind2=" " tag="040"><subfield code="a">NVK</subfield><subfield code="b">eng</subfield><subfield code="c">NVK</subfield><subfield code="d">OCLCQ</subfield><subfield code="d">NVK</subfield><subfield code="d">OCLCQ</subfield><subfield code="d">OCLCF</subfield><subfield code="d">OCLCO</subfield></datafield><datafield ind1="1" ind2=" " tag="029"><subfield code="a">AU@</subfield><subfield code="b">000013497278</subfield></datafield><datafield ind1=" " ind2=" " tag="042"><subfield code="a">msc</subfield></datafield><datafield ind1=" " ind2=" " tag="043"><subfield code="a">n-us-va</subfield></datafield><datafield ind1="0" ind2="4" tag="245"><subfield code="a">The Providence journal and McLean times.</subfield></datafield><datafield ind1="1" ind2="3" tag="246"><subfield code="a">Times community newspapers</subfield></datafield><datafield ind1=" " ind2=" " tag="260"><subfield code="a">McLean, Va. :</subfield><subfield code="b">[Arcom Pub.],</subfield><subfield code="c">1995-1997.</subfield></datafield><datafield ind1=" " ind2=" " tag="300"><subfield code="a">v.</subfield></datafield><datafield ind1=" " ind2=" " tag="310"><subfield code="a">Weekly</subfield></datafield><datafield ind1="0" ind2=" " tag="362"><subfield code="a">Vol. 51, no. 36 (Sept. 7, 1995)-v. 54, no. 18 (May 7, 1997).</subfield></datafield><datafield ind1=" " ind2=" " tag="500"><subfield code="a">Also published in Reston (Va.)--and Great Falls (Va.).</subfield></datafield><datafield ind1=" " ind2=" " tag="500"><subfield code="a">Publishers: Times Community Newspapers, 1997-</subfield></datafield><datafield ind1=" " ind2=" " tag="530"><subfield code="a">Available on microfilm from Bell &amp; Howell.</subfield></datafield><datafield ind1=" " ind2=" " tag="580"><subfield code="a">Arcom Pub. and Times Community Newspapers, under Arthur Arundel and Peter Arundel, also published: Reston times, Herndon times, Centreville times (Centreville, Va.), Springfield times courier, Chantilly times, Burke times, Loudoun times-mirror, Eastern Loudoun times, Fauquier times-democrat, Vienna times, Clarke courier (Berryville, Va.), Rappahannock news, Great Falls times, Fairfax times, Fairfax Station times.</subfield></datafield><datafield ind1=" " ind2="0" tag="651"><subfield code="a">Reston (Va.)</subfield><subfield code="v">Newspapers.</subfield></datafield><datafield ind1=" " ind2="0" tag="651"><subfield code="a">Great Falls (Va.)</subfield><subfield code="v">Newspapers.</subfield></datafield><datafield ind1=" " ind2="0" tag="651"><subfield code="a">McLean (Va.)</subfield><subfield code="v">Newspapers.</subfield></datafield><datafield ind1=" " ind2="7" tag="655"><subfield code="a">Newspapers.</subfield><subfield code="2">fast</subfield><subfield code="0">(OCoLC)fst01423814</subfield></datafield><datafield ind1=" " ind2="7" tag="651"><subfield code="a">Virginia</subfield><subfield code="z">Great Falls.</subfield><subfield code="2">fast</subfield><subfield code="0">(OCoLC)fst01228502</subfield></datafield><datafield ind1=" " ind2="7" tag="651"><subfield code="a">Virginia</subfield><subfield code="z">McLean.</subfield><subfield code="2">fast</subfield><subfield code="0">(OCoLC)fst01209607</subfield></datafield><datafield ind1=" " ind2="7" tag="651"><subfield code="a">Virginia</subfield><subfield code="z">Reston.</subfield><subfield code="2">fast</subfield><subfield code="0">(OCoLC)fst01205472</subfield></datafield><datafield ind1="1" ind2=" " tag="700"><subfield code="a">Arundel, Arthur.</subfield></datafield><datafield ind1="1" ind2=" " tag="700"><subfield code="a">Arundel, Peter.</subfield></datafield><datafield ind1=" " ind2=" " tag="752"><subfield code="a">United States</subfield><subfield code="b">Virginia</subfield><subfield code="c">Fairfax</subfield><subfield code="d">Reston.</subfield></datafield><datafield ind1="1" ind2=" " tag="775"><subfield code="t">Burke times</subfield><subfield code="w">(DLC)sn 98068231</subfield></datafield><datafield ind1="1" ind2=" " tag="775"><subfield code="t">Reston times</subfield><subfield code="w">(DLC)sn 96095007</subfield></datafield><datafield ind1="1" ind2=" " tag="775"><subfield code="t">Herndon times</subfield><subfield code="w">(DLC)sn 98068214</subfield></datafield><datafield ind1="1" ind2=" " tag="775"><subfield code="t">Centreville times (Centreville, Va.)</subfield><subfield code="w">(DLC)sn 98068261</subfield></datafield><datafield ind1="1" ind2=" " tag="775"><subfield code="t">Chantilly times</subfield><subfield code="w">(DLC)sn2006060559</subfield></datafield><datafield ind1="1" ind2=" " tag="775"><subfield code="t">Loudoun times-mirror</subfield><subfield code="w">(DLC)sn 83004968</subfield></datafield><datafield ind1="1" ind2=" " tag="775"><subfield code="t">Eastern Loudoun times</subfield><subfield code="w">(DLC)sn2002061823</subfield></datafield><datafield ind1="1" ind2=" " tag="775"><subfield code="t">Fauquier times-democrat</subfield><subfield code="w">(DLC)sn 90002127</subfield></datafield><datafield ind1="1" ind2=" " tag="775"><subfield code="t">Vienna times (Vienna, Va.)</subfield><subfield code="w">(DLC)sn 98068225</subfield></datafield><datafield ind1="1" ind2=" " tag="775"><subfield code="t">Clarke courier (Berryville, Va.)</subfield><subfield code="w">(DLC)sn 85025371</subfield></datafield><datafield ind1="1" ind2=" " tag="775"><subfield code="t">Rappahannock news</subfield><subfield code="w">(DLC)sn 96095008</subfield></datafield><datafield ind1="1" ind2=" " tag="775"><subfield code="t">Springfield times courier</subfield><subfield code="w">(DLC)sn 98068257</subfield></datafield><datafield ind1="1" ind2=" " tag="775"><subfield code="t">Great Falls times</subfield><subfield code="w">(DLC)sn2004061584</subfield></datafield><datafield ind1="1" ind2=" " tag="775"><subfield code="t">Fairfax times</subfield><subfield code="w">(DLC)sn2005061529</subfield></datafield><datafield ind1="1" ind2=" " tag="775"><subfield code="t">Fairfax Station times</subfield><subfield code="w">(DLC)sn2006060574</subfield></datafield><datafield ind1="0" ind2="0" tag="780"><subfield code="t">McLean providence journal and Fairfax herald</subfield><subfield code="w">(DLC)sn 86071656</subfield></datafield><datafield ind1="0" ind2="0" tag="785"><subfield code="t">McLean times and Providence journal</subfield><subfield code="w">(DLC)sn 98068353</subfield></datafield></record>